@book{kuhn2013applied,
  title={Applied predictive modeling},
  author={Kuhn, Max and Johnson, Kjell},
  volume={26},
  year={2013},
  publisher={Springer}
}